<?xml version="1.0" encoding="UTF-8"?><collection xmlns="http://www.loc.gov/MARC21/slim"><record><leader>00368nam--2200157-i-4500</leader><controlfield tag="001">000030368</controlfield><controlfield tag="002">20161230</controlfield><controlfield tag="005">20170113011415</controlfield><controlfield tag="008">060222s1000------------r-----000-0-eng-d</controlfield><datafield ind1=" " ind2=" " tag="080"><subfield code="a">621.81</subfield></datafield><datafield ind1=" " ind2=" " tag="100"><subfield code="a">Manea, Gheorghe</subfield></datafield><datafield ind1=" " ind2=" " tag="245"><subfield code="a">Organe de masini</subfield></datafield><datafield ind1=" " ind2=" " tag="260"><subfield code="a">Bucuresti</subfield><subfield code="b">Editura Tehnica</subfield><subfield code="c">1970</subfield></datafield><datafield ind1=" " ind2=" " tag="300"><subfield code="a">823 p</subfield></datafield><datafield ind1=" " ind2=" " tag="852"><subfield code="a">33809</subfield></datafield><datafield ind1=" " ind2=" " tag="CAT"><subfield code="a">SYS</subfield><subfield code="c">20170113</subfield><subfield code="h">011415</subfield></datafield></record></collection>